%% This BibTeX bibliography file was created using BibDesk.
%% http://www.cs.ucsd.edu/~mmccrack/bibdesk.html


%% Created for neil at 2002-12-09 14:04:13 +1300 



@incollection{Dum93b,
	Crossref = {Dum93},
	Pages = {34--105},
	Year = {1993},
	Title = {What is a theory of meaning? (II)},
	Booktitle = {The Seas of Language},
	Author = {Dummett, Michael},
	Note = {First published in G. Evans and J. McDowell, editors, {\it Truth and Meaning}, Oxford University Press, Oxford, England, 1976.}}

@incollection{Dum93a,
	Crossref = {Dum93},
	Pages = {1--33},
	Year = {1993},
	Title = {What is a theory of meaning? (I)},
	Booktitle = {The Seas of Language},
	Author = {Dummett, Michael},
	Note = {First published in S. Guttenplan, editor, {\it Mind and Language}, Oxford University Press, Oxford, England, 1975.}}

@book{Dum93,
	Year = {1993},
	Title = {The Seas of Language},
	Address = {Oxford, England},
	Publisher = {Oxford University Press},
	Author = {Dummett, Michael}}

@book{GMS94,
	Year = {1994},
	Title = {The \LaTeX\ Companion},
	Address = {Reading, Massachusetts, USA},
	Publisher = {Addison-Wesley},
	Author = {Goosens, Michel and Mittelbach, Frank and Samarin, Alexander}}

@book{GRM97GC,
	Year = {1997},
	Title = {The \LaTeX\ Graphics Companion: illustrating documents with \TeX\ and PostScript},
	Address = {Reading, Massachusetts, USA},
	Publisher = {Addison-Wesley},
	Author = {Goosens, Michel and Sebastian P. Q. Rahtz and Mittelbach, Frank}}

@book{Lam94,
	Year = {1994},
	Title = {\LaTeX: a document preparation system: user's guide and reference manual},
	Address = {Reading, Massachusetts, USA},
	Edition = {{S}econd},
	Publisher = {Addison-Wesley},
	Author = {Lamport, Leslie}}
	
@article{mumbaikar2013web,
  title={Web services based on soap and rest principles},
  author={Mumbaikar, Snehal and Padiya, Puja and others},
  journal={International Journal of Scientific and Research Publications},
  volume={3},
  number={5},
  pages={1--4},
  year={2013}
}

@misc{stackify_2017,
title={SOAP vs. REST: The Differences and Benefits Between the Two Widely-Used Web Service Communication Protocols},
url={https://stackify.com/soap-vs-rest/},
journal={Stackify},
year={2017},
month={Aug}}

@article{jones2015rfc,
  title={Rfc 7519: Json web token (jwt)},
  author={Jones, M and Bradley, J and Sakimura, N},
  journal={IETF, May},
  year={2015}
}

@book{reactintro2015,
  title={Introduction to React},
  author={Gackenheimer, Cory},
  year={2015},
  publisher={Apress}
}

@misc{react,
	title={React},
	url={https://reactjs.org/},
	journal={A JavaScript library for building user interfaces}
 }
 
 @article{staff2016react,
  title={React: Facebook's functional turn on writing Javascript},
  author={Staff, CACM},
  journal={Communications of the ACM},
  volume={59},
  number={12},
  pages={56--62},
  year={2016},
  publisher={ACM}
}